@misc{usageShare,
	author = "Wikipedia",
	title = "Wikimedia Traffic Analysis Report - Browsers",
	year = "2012",
	url = "\url{http://stats.wikimedia.org/archive/squid_reports/2012-10/SquidReportClients.htm}",
	note = "[Online; accessed 5-February-2013]"
}
@misc{fedoraMysql,
	author = "Marcela Maslanova",
	title = "Summary/Minutes for FESCO 2013-01-30",
	year = "2013",
	url = "\url{https://lists.fedoraproject.org/pipermail/devel/2013-January/177658.html}",
	note = "[Online; accessed 5-February-2013]"
}
